<?xml version="1.0" encoding="UTF-8"?><collection xmlns="http://www.loc.gov/MARC21/slim"><record><leader>00444nam--2200121-i-4500</leader><controlfield tag="001">000007311</controlfield><controlfield tag="002">20161230</controlfield><controlfield tag="005">20161230201027</controlfield><controlfield tag="008">060222s1000------------r-----000-0-eng-d</controlfield><datafield ind1=" " ind2=" " tag="245"><subfield code="a">Advances in petroleum chemistry and refining founded by kenneth a.kobe and john j.mcketta</subfield></datafield><datafield ind1=" " ind2=" " tag="260"><subfield code="a">New York, Interscience Publishers, 1962-1963</subfield></datafield><datafield ind1=" " ind2=" " tag="490"><subfield code="a">Advances In Petroleum Chemistry And Refining Founded By Kenneth A.Kobe And John J.Mcketta</subfield></datafield><datafield ind1=" " ind2=" " tag="852"><subfield code="a">22070</subfield></datafield></record></collection>